@inproceedings{Jidling,
 author 	    = {Jidling, Carl and Wahlstr\"{o}m, Niklas and Wills, Adrian and Sch\"{o}n, Thomas B},
 booktitle	    = {Advances in Neural Information Processing Systems},
 editor		    = {I. Guyon and U. Von Luxburg and S. Bengio and H. Wallach and R. Fergus and S. Vishwanathan and R. Garnett},
 publisher 	    = {Curran Associates, Inc.},
 title 		    = {Linearly constrained Gaussian processes},
 url 		    = {https://proceedings.neurips.cc/paper_files/paper/2017/file/71ad16ad2c4d81f348082ff6c4b20768-Paper.pdf},
 volume 	    = {30},
 year               = {2017}
}

@article{Raissi,
  author            = {Maziar Raissi and
                       Paris Perdikaris and
                       George E. Karniadakis},
  title             = {Physics Informed Deep Learning Part (I): Data-driven Solutions of
                       Nonlinear Partial Differential Equations},
  journal           = {CoRR},
  volume            = {abs/1711.10561},
  year              = {2017},
  url               = {http://arxiv.org/abs/1711.10561},
  eprinttype        = {arXiv},
  eprint            = {1711.10561},
  timestamp         = {Mon, 13 Aug 2018 16:47:03 +0200},
  biburl            = {https://dblp.org/rec/journals/corr/abs-1711-10561.bib},
  bibsource         = {dblp computer science bibliography, https://dblp.org}
}

@misc{long2022autoip,
      title	    = {AutoIP: A United Framework to Integrate Physics into Gaussian Processes}, 
      author	    = {Da Long and Zheng Wang and Aditi Krishnapriyan and Robert Kirby and Shandian Zhe and Michael Mahoney},
      year	    = {2022},
      eprint	    = {2202.12316},
      archivePrefix = {arXiv},
      primaryClass  = {cs.LG}
}

@article{Swan, 
	title       = {GOOVAERTS, P. 1997. Geostatistics for Natural Resources Evaluation. Applied Geostatistics Series.}, 
	volume      = {135}, 
	DOI         = {10.1017/S0016756898631502}, 
	number      = {6}, 
	journal     = {Geological Magazine}, 
	author      = {Swan, Andy}, 
	year        = {1998}, 
	pages       = {819â€“842},
	note        = {Dataset is described and provided in Appendix C}
}

@misc{long,
      title         = {AutoIP: A United Framework to Integrate Physics into Gaussian Processes}, 
      author        = {Da Long and Zheng Wang and Aditi Krishnapriyan and Robert Kirby and Shandian Zhe and Michael Mahoney},
      year          = {2022},
      eprint        = {2202.12316},
      archivePrefix = {arXiv},
      primaryClassa ={cs.LG}
}

@book{rasmussen,
	title       = {Gaussian Processes for Machine Learning},
	author	    = {Carl Edward Rasmussen and Christopher K. I. Williams},
	year	    = {2006},
	DOI	    = {https://doi.org/10.7551/mitpress/3206.001.0001},
	publisher   = {The MIT Press}
}

@misc{alvarez,
      title	    = {Kernels for Vector-Valued Functions: a Review}, 
      author	    = {Mauricio A. Alvarez and Lorenzo Rosasco and Neil D. Lawrence},
      year	    = {2012},
      eprint	    = {1106.6251},
      archivePrefix = {arXiv},
      primaryClass  = {stat.ML}
}
